@article{zhao2017infovae,
	title={Infovae: Information maximizing variational autoencoders},
	author={Zhao, Shengjia and Song, Jiaming and Ermon, Stefano},
	journal={arXiv preprint arXiv:1706.02262},
	year={2017}
}

% [4]
@misc{Kingma,
Author = {Diederik P Kingma and Max Welling},
Title = {Auto-Encoding Variational Bayes},
Year = {2013},
Eprint = {arXiv:1312.6114},
}

% [5]
@misc{Yan,
Author = {Xinchen Yan and Jimei Yang and Kihyuk Sohn and Honglak Lee},
Title = {Attribute2Image: Conditional Image Generation from Visual Attributes},
Year = {2015},
Eprint = {arXiv:1512.00570},
}

% [6]
@misc{Mirza,
Author = {Mehdi Mirza and Ian J. Goodfellow and Jean Pouget-Abadie and Bing Xu and David Warde-Farley and Sherjil Ozair and Aaron Courville and Yoshua Bengio},
Title = {Generative Adversarial Networks},
Year = {2014},
Eprint = {arXiv:1406.2661},
}

% [7]
@article {Ranzato,
author = {Marc'Aurelio Ranzato ; Fu Jie Huang ; Y-Lan Boureau ; Yann LeCun},
title = {Unsupervised Learning of Invariant Feature Hierarchies with Applications to Object Recognition},
journal = {IEEE Conference on Computer Vision and Pattern Recognition},
year = {2007}
}

% [8]
@article {LeCun,
  title={Gradient-based learning applied to document recognition},
  author={LeCun, Yann and Bottou, L{\'e}on and Bengio, Yoshua and Haffner, Patrick},
  journal={Proceedings of the IEEE},
  volume={86},
  number={11},
  pages={2278--2324},
  year={1998},
  publisher={IEEE}
}
% [9]
@article{Roberts,
  author    = {Adam Roberts and
               Jesse Engel and
               Colin Raffel and
               Curtis Hawthorne and
               Douglas Eck},
  title     = {A Hierarchical Latent Vector Model for Learning Long-Term Structure
               in Music},
  journal   = {CoRR},
  volume    = {abs/1803.05428},
  year      = {2018},
  url       = {http://arxiv.org/abs/1803.05428},
  archivePrefix = {arXiv},
  eprint    = {1803.05428},
  timestamp = {Mon, 13 Aug 2018 16:47:28 +0200},
  biburl    = {https://dblp.org/rec/bib/journals/corr/abs-1803-05428},
  bibsource = {dblp computer science bibliography, https://dblp.org}
}
@article{Kingma2,
  author    = {Diederik P. Kingma and
               Danilo Jimenez Rezende and
               Shakir Mohamed and
               Max Welling},
  title     = {Semi-Supervised Learning with Deep Generative Models},
  journal   = {CoRR},
  volume    = {abs/1406.5298},
  year      = {2014},
  url       = {http://arxiv.org/abs/1406.5298},
  archivePrefix = {arXiv},
  eprint    = {1406.5298},
  timestamp = {Mon, 13 Aug 2018 16:47:38 +0200},
  biburl    = {https://dblp.org/rec/bib/journals/corr/KingmaRMW14},
  bibsource = {dblp computer science bibliography, https://dblp.org}
}